@article{p4paper,
        author = {Bosshart, Pat and et. al},
        title = {P4: Programming Protocol-independent Packet Processors},
        journal = {SIGCOMM Comput. Commun. Rev.},
        issue_date = {July 2014},
        volume = {44},
        number = {3},
        month = jul,
        year = {2014},
        issn = {0146-4833},
        pages = {87--95},
        numpages = {9},
        url = {http://doi.acm.org/10.1145/2656877.2656890},
        doi = {10.1145/2656877.2656890},
        acmid = {2656890},
        publisher = {ACM},
        address = {New York, NY, USA},
        keywords = {p4, protocol-independent, reconfigurability, sdn},
    } 


@INPROCEEDINGS{p4dataflow,

  author={K. {Birnfeld} and D. C. {da Silva} and W. {Cordeiro} and B. B. N. {de França}},

  booktitle={NOMS 2020 - 2020 IEEE/IFIP Network Operations and Management Symposium}, 

  title={P4 Switch Code Data Flow Analysis: Towards Stronger Verification of Forwarding Plane Software}, 

  year={2020},

  volume={},

  number={},

  pages={1-8},

  doi={10.1109/NOMS47738.2020.9110307}}

@inproceedings{p4pktgen,
author = {N\"{o}tzli, Andres and Khan, Jehandad and Fingerhut, Andy and Barrett, Clark and Athanas, Peter},
title = {P4pktgen: Automated Test Case Generation for P4 Programs},
year = {2018},
isbn = {9781450356640},
publisher = {Association for Computing Machinery},
address = {New York, NY, USA},
url = {https://doi.org/10.1145/3185467.3185497},
doi = {10.1145/3185467.3185497},
booktitle = {Proceedings of the Symposium on SDN Research},
articleno = {5},
numpages = {7},
location = {Los Angeles, CA, USA},
series = {SOSR '18}
}

@inproceedings {flightplan,
	author = {Sultana, Nik and et. al},
	title = {Flightplan: Dataplane Disaggregation and Placement for P4 Programs},
	booktitle = {18th {USENIX} Symposium on Networked Systems Design and Implementation ({NSDI} 21)},
	year = {2021},
	isbn = {978-1-939133-21-2},
	url = {https://www.usenix.org/conference/nsdi21/presentation/sultana},
	publisher = {{USENIX} Association},
	month = apr,
}

@inproceedings{assertp4,
	author = {Freire, Lucas and Neves, Miguel and Leal, Lucas and Levchenko, Kirill and Schaeffer-Filho, Alberto and Barcellos, Marinho},
	title = {Uncovering Bugs in P4 Programs with Assertion-Based Verification},
	year = {2018},
	isbn = {9781450356640},
	publisher = {Association for Computing Machinery},
	address = {New York, NY, USA},
	url = {https://doi.org/10.1145/3185467.3185499},
	doi = {10.1145/3185467.3185499},
	booktitle = {Proceedings of the Symposium on SDN Research},
	articleno = {4},
	numpages = {7},
	keywords = {Programmable Data Planes, Verification, P4},
	location = {Los Angeles, CA, USA},
	series = {SOSR '18}
}

@inproceedings{p4v,
	author = {Liu, Jed and Hallahan, William and Schlesinger, Cole and Sharif, Milad and Lee, Jeongkeun and Soul{\'e}, Robert and Wang, Han and Ca\c{s}caval, C\u{a}lin and McKeown, Nick and Foster, Nate},
	title = {P4V: {P}ractical {V}erification for {P}rogrammable {D}ata {P}lanes},
	booktitle = {Proceedings of the 2018 Conference of the ACM Special Interest Group on Data Communication},
	series = {SIGCOMM '18},
	year = {2018},
	isbn = {978-1-4503-5567-4},
	location = {Budapest, Hungary},
	pages = {490--503},
	numpages = {14},
	url = {http://dx.doi.org/10.1145/3230543.3230582},
	doi = {10.1145/3230543.3230582},
	acmid = {3230582},
	publisher = {ACM},
	address = {New York, NY, USA},
	keywords = {P4, programmable data planes, verification},
} 

@inproceedings{vera,
	author = {Stoenescu, Radu and Dumitrescu, Dragos and Popovici, Matei and Negreanu, Lorina and Raiciu, Costin},
	title = {Debugging {P4} {P}rograms with {V}era},
	booktitle = {Proceedings of the 2018 Conference of the ACM Special Interest Group on Data Communication},
	series = {SIGCOMM '18},
	year = {2018},
	isbn = {978-1-4503-5567-4},
	location = {Budapest, Hungary},
	pages = {518--532},
	numpages = {15},
	url = {http://dx.doi.org/10.1145/3230543.3230548},
	acmid = {3230548},
	publisher = {ACM},
	address = {New York, NY, USA},
	doi = {10.1145/3230543.3230548}
}

@inproceedings{bf4,
	author = {Dumitrescu, Dragos and Stoenescu, Radu and Negreanu, Lorina and Raiciu, Costin},
	title = {Bf4: Towards Bug-Free P4 Programs},
	year = {2020},
	isbn = {9781450379557},
	publisher = {Association for Computing Machinery},
	address = {New York, NY, USA},
	url = {https://doi.org/10.1145/3387514.3405888},
	doi = {10.1145/3387514.3405888},
	booktitle = {Proceedings of the Annual Conference of the ACM Special Interest Group on Data Communication on the Applications, Technologies, Architectures, and Protocols for Computer Communication},
	pages = {571–585},
	numpages = {15},
	keywords = {programmable networks, Network dataplane verification},
	location = {Virtual Event, USA},
	series = {SIGCOMM '20}
}

@inproceedings{p4rl,
	author = {Shukla, Apoorv and Hudemann, Kevin Nico and Hecker, Artur and Schmid, Stefan},
	title = {Runtime Verification of P4 Switches with Reinforcement Learning},
	year = {2019},
	isbn = {9781450368728},
	publisher = {Association for Computing Machinery},
	address = {New York, NY, USA},
	url = {https://doi.org/10.1145/3341216.3342206},
	doi = {10.1145/3341216.3342206},
	pages = {1–7},
	numpages = {7},
	keywords = {P4, Fuzzing, Machine Learning, Network Verification},
	location = {Beijing, China},
	series = {NetAI'19}
}

@article{ownCheck, 
	title={Component-based error detection of P4 programs}, journal={Acta Cybernetica}, author={Tóth, Gabriella and Tejfel, Máté}, year={2021}, month={}, pages={to appear} }

  @article{java-static,	
	author={O. {Rodriguez-Prieto} and A. {Mycroft} and F. {Ortin}},
	journal={IEEE Access}, 	
	title={An Efficient and Scalable Platform for Java Source Code Analysis Using Overlaid Graph Representations},
	year={2020},	
	volume={8},	
	number={},	
	pages={72239-72260},	
	doi={10.1109/ACCESS.2020.2987631}}
  

@article{LukacsOcs,
author = {Dániel Lukács and Gergely Pongrácz and Máté Tejfel},
doi = {doi:10.1515/comp-2020-0131},
url = {https://doi.org/10.1515/comp-2020-0131},
title = {Control flow based cost analysis for P4},
journal = {Open Computer Science},
number = {1},
volume = {11},
year = {2021},
pages = {70--79}
}

@INPROCEEDINGS{yamaguchi,

  author={F. {Yamaguchi} and N. {Golde} and D. {Arp} and K. {Rieck}},

  booktitle={2014 IEEE Symposium on Security and Privacy}, 

  title={Modeling and Discovering Vulnerabilities with Code Property Graphs}, 

  year={2014},

  volume={},

  number={},

  pages={590-604},

  doi={10.1109/SP.2014.44}}

@article{cscs18,
 title={{Keeping P4 Switches Fast and Fault-free through Automatic Verification}},
 volume={24},
 DOI={10.14232/actacyb.24.1.2019.6},
 number={1},
 journal={Acta Cybernetica},
 author={Lukács, Dániel  and Pongrácz, Gergely and Tejfel, Máté},
 year={2019},
 month={May},
 pages={61-81} 
}

@misc{p4c,
  author = {The P4 Language Consortium},
  title = {{P4C reference compiler for the P4$_\text{16}$ programming language}},
  howpublished = {https://github.com/p4lang/p4c},
  year = {2017}, 
  note = "[Online; accessed 28-February-2020]"
}

@misc{p4c-basic,
  author = {{P4 Language Consortium}},
  title = {{basic\_routing-bmv2.p4, a small test case for the official P4 reference compiler, P4C}},
  year  = {2018},
  url   = {https://github.com/p4lang/p4c/blob/master/testdata/p4_16_samples/basic_routing-bmv2.p4},
}

@inproceedings{icai20,
author = {Luk\'acs, D\'aniel  and Pongr\'acz, Gergely and Tejfel, M\'at\'e},
title = {{Are Graph Databases Fast Enough for Static P4 Code Analysis?}},
booktitle = {{Proceedings of the 11th International Conference on Applied Informatics 2020}},
publisher = {CEUR Workshop Proceedings},
pages = {213--223},
year = {2020},
isbn_issn = {ISSN 1613-0073},
url = {{http://ceur-ws.org/Vol-2650/#paper22}},
}

@article{gremlin,
   title={{The Gremlin graph traversal machine and language (invited talk)}},
   ISBN={9781450339025},
   url={http://dx.doi.org/10.1145/2815072.2815073},
   DOI={10.1145/2815072.2815073},
   journal={Proceedings of the 15th Symposium on Database Programming Languages - DBPL 2015},
   publisher={ACM Press},
   author={Rodriguez, Marko A.},
   year={2015}
}

@inproceedings{referl,
  title = {RefactorErl - Source Code Analysis and Refactoring in Erlang},
  author = {Bozó, I. and Horpácsi, D. and Horváth, Z. and Kitlei, R. and Köszegi, J. and Tejfel. M. and Tóth, M},
  booktitle = {Proceedings of the 12th Symposium on Programming Languages and Software Tools, ISBN 978-9949-23-178-2},
  address = {Tallin, Estonia},
  pages = {138--148},
  year = {2011},
  month = {October}
}

